@book{bishop_pattern_2006,
	title = {Pattern {Recognition} and {Machine} {Learning}},
	publisher = {Springer},
	author = {Bishop, Christopher M.},
	year = {2006}
}
